@article{jordan2003theory,
  title={Theory of dipole-bound anions},
  author={Jordan, Kenneth D and Wang, Feng},
  journal={Annual review of physical chemistry},
  volume={54},
  number={1},
  pages={367--396},
  year={2003},
  publisher={Annual Reviews 4139 El Camino Way, PO Box 10139, Palo Alto, CA 94303-0139, USA}
}

@article{shaalan2022accurate,
  title={Accurate prediction of vertical ionization potentials and electron affinities from spin-component scaled CC2 and ADC (2) models},
  author={Shaalan Alag, Ahmed and Jelenfi, D{\'a}vid P and Tajti, Attila and Szalay, P{\'e}ter G},
  journal={Journal of Chemical Theory and Computation},
  volume={18},
  number={11},
  pages={6794--6801},
  year={2022},
  publisher={ACS Publications}
}

@unpublished{PyMOL,
	Author = {{Schr\"odinger, LLC}},
	Title = {The {PyMOL} Molecular Graphics System},
	Year = {2015}
}
@article{pople1976theoretical,
  title={Theoretical models incorporating electron correlation},
  author={Pople, John A and Binkley, J Stephen and Seeger, Rolf},
  journal={International Journal of Quantum Chemistry},
  volume={10},
  number={S10},
  pages={1--19},
  year={1976},
  publisher={Wiley Online Library}
}
@article{bartlett1978many,
  title={Many-body perturbation theory, coupled-pair many-electron theory, and the importance of quadruple excitations for the correlation problem},
  author={Bartlett, Rodney J and Purvis, George D},
  journal={International Journal of Quantum Chemistry},
  volume={14},
  number={5},
  pages={561--581},
  year={1978},
  publisher={Wiley Online Library}
}

@article{hattig2000cc2,
  title={CC2 excitation energy calculations on large molecules using the resolution of the identity approximation},
  author={H{\"a}ttig, Christof and Weigend, Florian},
  journal={The Journal of Chemical Physics},
  volume={113},
  number={13},
  pages={5154--5161},
  year={2000},
  publisher={American Institute of Physics}
}

@article{diaz2019dyson,
  title={Do Dyson orbitals resemble canonical Hartree--Fock orbitals?},
  author={D{\'\i}az--Tinoco, Manuel and Corzo, H{\'e}ctor H and Paw{\l}owski, Filip and Ortiz, JV},
  journal={Molecular Physics},
  volume={117},
  number={17},
  pages={2275--2283},
  year={2019},
  publisher={Taylor \& Francis}
}

@article{ETC2007Wiki,
title   = {Illustration of the electron transport chain and the citric acid cycle in the mitochondria},
 author  = "Vasconcellos, F",
 year    = "2007",
 urlseen = "27-05-25",
 journal = "Wikimedia Commons"
}
% url     = "https://commons.wikimedia.org/wiki/File:Mitochondrial_electron_transport_chain%E2%80%94Etc4.svg",
@article{ruberti2014total,
  title={Total photoionization cross-sections of excited electronic states by the algebraic diagrammatic construction-Stieltjes-Lanczos method},
  author={Ruberti, Marco and Yun, R and Gokhberg, Kirill and Kopelke, S{\"o}ren and Cederbaum, Lorenz S and Tarantelli, Francesco and Averbukh, V},
  journal={The Journal of Chemical Physics},
  volume={140},
  number={18},
  year={2014},
  publisher={AIP Publishing}
}

@article{abdoul1998electrons,
  title={Electrons weakly bound to molecules by dipolar, quadrupolar or polarization forces},
  author={Abdoul-Carime, H and Desfran{\c{c}}ois, C},
  journal={The European Physical Journal D-Atomic, Molecular, Optical and Plasma Physics},
  volume={2},
  pages={149--156},
  year={1998},
  publisher={Springer}
}

@article{dunning1989gaussian,
  title={Gaussian basis sets for use in correlated molecular calculations. I. The atoms boron through neon and hydrogen},
  author={Dunning Jr, Thom H},
  journal={The Journal of chemical physics},
  volume={90},
  number={2},
  pages={1007--1023},
  year={1989},
  publisher={American Institute of Physics}
}

@article{gozem2015photoionization,
  title={Photoionization and photodetachment spectra from equation-of-motion coupled-cluster Dyson orbitals},
  author={Gozem, Samer and Krylov, Anna I},
  journal={Chem. Lett},
  volume={6},
  pages={4532--4540},
  year={2015}
}

@article{gozem2022ezspectra,
  title={The ezSpectra suite: An easy-to-use toolkit for spectroscopy modeling},
  author={Gozem, Samer and Krylov, Anna I},
  journal={Wiley Interdisciplinary Reviews: Computational Molecular Science},
  volume={12},
  number={2},
  pages={e1546},
  year={2022},
  publisher={Wiley Online Library}
}

@book{szabo1996modern,
  title={Modern quantum chemistry: introduction to advanced electronic structure theory},
  author={Szabo, Attila and Ostlund, Neil S},
  year={1996},
  publisher={Courier Corporation}
}

@article{paran2024performance,
  title={On the performance of second-order approximate coupled-cluster singles and doubles methods for non-valence anions},
  author={Paran, Garrette Pauley and Utku, Cansu and Jagau, Thomas-Christian},
  journal={Physical Chemistry Chemical Physics},
  volume={26},
  number={3},
  pages={1809--1818},
  year={2024},
  publisher={Royal Society of Chemistry}
}

@Article{QChem5,
author = {Evgeny Epifanovsky  and Andrew T. B. Gilbert  and Xintian Feng  and Joonho Lee  and Yuezhi Mao  and Narbe Mardirossian  and Pavel Pokhilko  and Alec F. White  and Marc P. Coons  and Adrian L. Dempwolff and Zhengting Gan and Diptarka Hait and Paul R. Horn and Leif D. Jacobson and Ilya Kaliman and J{\"o}rg Kussmann and Adrian W. Lange and Ka Un Lao and Daniel S. Levine and Jie Liu and Simon C. McKenzie and Adrian F. Morrison and Kaushik D. Nanda and Felix Plasser and Dirk R. Rehn and Marta L. Vidal and Zhi-Qiang You and Ying Zhu and Bushra Alam and Benjamin J. Albrecht and Abdulrahman Aldossary and Ethan Alguire and Josefine H. Andersen and Vishikh Athavale and Dennis Barton and Khadiza Begam and Andrew Behn and Nicole Bellonzi and Yves A. Bernard and Eric J. Berquist and Hugh G. A. Burton and Abel Carreras and Kevin Carter-Fenk and Romit Chakraborty and Alan D. Chien and Kristina D. Closser and Vale Cofer-Shabica and Saswata Dasgupta and Marc {de Wergifosse} and Jia Deng and Michael Diedenhofen and Hainam Do and Sebastian Ehlert and Po-Tung Fang and Shervin Fatehi and Qingguo Feng and Triet Friedhoff and James Gayvert and Qinghui Ge and Gergely Gidofalvi and Matthew Goldey and Joe Gomes and Cristina E. Gonz{\'a}lez-Espinoza and Gulania,Sahil  and Gunina,Anastasia O.  and Hanson-Heine,Magnus W. D.  and Harbach,Phillip H. P.  and Hauser,Andreas  and Herbst,Michael F.  and Hern{\'a}ndez Vera,Mario  and Hodecker,Manuel  and Holden,Zachary C.  and Houck,Shannon  and Huang,Xunkun  and Hui,Kerwin  and Huynh,Bang C.  and Ivanov,Maxim  and J{\'a}sz,{\'A}d{\'a}m  and Ji,Hyunjun  and Jiang,Hanjie  and Kaduk,Benjamin  and K{\"a}hler,Sven  and Khistyaev,Kirill  and Kim,Jaehoon  and Kis,Gergely  and Klunzinger,Phil  and Koczor-Benda,Zsuzsanna  and Koh,Joong Hoon  and Kosenkov,Dimitri  and Koulias,Laura  and Kowalczyk,Tim  and Krauter,Caroline M.  and Kue,Karl  and Kunitsa,Alexander  and Kus,Thomas  and Ladj{\'a}nszki,Istv{\'a}n  and Landau,Arie  and Lawler,Keith V.  and Lefrancois,Daniel  and Lehtola,Susi  and Li,Run R.  and Li,Yi-Pei  and Liang,Jiashu  and Liebenthal,Marcus  and Lin,Hung-Hsuan  and Lin,You-Sheng  and Liu,Fenglai  and Liu,Kuan-Yu  and Loipersberger,Matthias  and Luenser,Arne  and Manjanath,Aaditya  and Manohar,Prashant  and Mansoor,Erum  and Manzer,Sam F.  and Mao,Shan-Ping  and Marenich,Aleksandr V.  and Markovich,Thomas  and Mason,Stephen  and Maurer,Simon A.  and McLaughlin,Peter F.  and Menger,Maximilian F. S. J.  and Mewes,Jan-Michael  and Mewes,Stefanie A.  and Morgante,Pierpaolo  and Mullinax,J. Wayne  and Oosterbaan,Katherine J.  and Paran,Garrette  and Paul,Alexander C.  and Paul,Suranjan K.  and Pavo{\v s}evi{\'c},Fabijan  and Pei,Zheng  and Prager,Stefan  and Proynov,Emil I.  and R{\'a}k,{\'A}d{\'a}m  and Ramos-Cordoba,Eloy  and Rana,Bhaskar  and Rask,Alan E.  and Rettig,Adam  and Richard,Ryan M.  and Rob,Fazle  and Rossomme,Elliot  and Scheele,Tarek  and Scheurer,Maximilian and Schneider,Matthias  and Sergueev,Nickolai  and Sharada,Shaama M.  and Skomorowski,Wojciech  and Small,David W.  and Stein,Christopher J.  and Su,Yu-Chuan  and Sundstrom,Eric J.  and Tao,Zhen  and Thirman,Jonathan  and Tornai,G{\'a}bor J.  and Tsuchimochi,Takashi  and Tubman,Norm M.  and Veccham,Srimukh Prasad  and Vydrov,Oleg  and Wenzel,Jan  and Witte,Jon  and Yamada,Atsushi  and Yao,Kun  and Yeganeh,Sina  and Yost,Shane R.  and Zech,Alexander  and Zhang,Igor Ying  and Zhang,Xing  and Zhang,Yu  and Zuev,Dmitry  and Aspuru-Guzik,Al{\'a}n  and Bell,Alexis T.  and Besley,Nicholas A.  and Bravaya,Ksenia B.  and Brooks,Bernard R.  and Casanova,David  and Chai,Jeng-Da  and Coriani,Sonia  and Cramer,Christopher J.  and Cserey,Gy{\"o}rgy  and DePrince,A. Eugene  and DiStasio,Robert A.  and Dreuw,Andreas  and Dunietz,Barry D.  and Furlani,Thomas R.  and Goddard,William A.  and Hammes-Schiffer,Sharon  and Head-Gordon,Teresa  and Hehre,Warren J.  and Hsu,Chao-Ping  and Jagau,Thomas-C.  and Jung,Yousung  and Klamt,Andreas  and Kong,Jing  and Lambrecht,Daniel S.  and Liang,WanZhen  and Mayhall,Nicholas J.  and McCurdy,C. William  and Neaton,Jeffrey B.  and Ochsenfeld,Christian  and Parkhill,John A.  and Peverati,Roberto  and Rassolov,Vitaly A.  and Shao,Yihan  and Slipchenko,Lyudmila V.  and Stauch,Tim  and Steele,Ryan P.  and Subotnik,Joseph E.  and Thom,Alex J. W.  and Tkatchenko,Alexandre  and Truhlar,Donald G.  and Van Voorhis,Troy  and Wesolowski,Tomasz A.  and Whaley,K. Birgitta  and Woodcock,H. Lee  and Zimmerman,Paul M.  and Faraji,Shirin  and Gill,Peter M. W.  and Head-Gordon,Martin  and Herbert,John M.  and Krylov,Anna I. },
title = {Software for the frontiers of quantum chemistry: An overview of developments in the Q-Chem 5 package},
journal = {J. Chem. Phys.},
volume = {155},
number = {8},
pages = {084801},
year = {2021},
}
%doi = {https://doi.org/10.1063/5.0055522}
@article{schulz2018systematic,
  title={Systematic high-accuracy prediction of electron affinities for biological quinones},
  author={Schulz, Christine E and Dutta, Achintya Kumar and Izs{\'a}k, R{\'o}bert and Pantazis, Dimitrios A},
  journal={Journal of Computational Chemistry},
  volume={39},
  number={29},
  pages={2439--2451},
  year={2018},
  publisher={Wiley Online Library}
}

@article{tao2003climbing,
  title={Climbing the density functional ladder: Nonempirical meta--generalized gradient approximation designed for molecules and solids},
  author={Tao, Jianmin and Perdew, John P and Staroverov, Viktor N and Scuseria, Gustavo E},
  journal={Physical review letters},
  volume={91},
  number={14},
  pages={146401},
  year={2003},
  publisher={APS}
}

@article{zheng2011minimally,
  title={Minimally augmented Karlsruhe basis sets},
  author={Zheng, Jingjing and Xu, Xuefei and Truhlar, Donald G},
  journal={Theoretical Chemistry Accounts},
  volume={128},
  pages={295--305},
  year={2011},
  publisher={Springer}
}

@article{grimme2003improved,
  title={Improved second-order M{\o}ller--Plesset perturbation theory by separate scaling of parallel-and antiparallel-spin pair correlation energies},
  author={Grimme, Stefan},
  journal={The Journal of chemical physics},
  volume={118},
  number={20},
  pages={9095--9102},
  year={2003},
  publisher={American Institute of Physics}
}
@article{weigend2005balanced,
  title={Balanced basis sets of split valence, triple zeta valence and quadruple zeta valence quality for H to Rn: Design and assessment of accuracy},
  author={Weigend, Florian and Ahlrichs, Reinhart},
  journal={Physical Chemistry Chemical Physics},
  volume={7},
  number={18},
  pages={3297--3305},
  year={2005},
  publisher={Royal Society of Chemistry}
}

@article{grimme2011effect,
  title={Effect of the damping function in dispersion corrected density functional theory},
  author={Grimme, Stefan and Ehrlich, Stephan and Goerigk, Lars},
  journal={Journal of computational chemistry},
  volume={32},
  number={7},
  pages={1456--1465},
  year={2011},
  publisher={Wiley Online Library}
}

@article{herbert2017hydrated,
  title={The hydrated electron},
  author={Herbert, John M and Coons, Marc P},
  journal={Annual review of physical chemistry},
  volume={68},
  number={1},
  pages={447--472},
  year={2017},
  publisher={Annual Reviews}
}i
@article{narayanan2023secondary,
  title={Secondary electron attachment-induced radiation damage to genetic materials},
  author={Narayanan SJ, Jishnu and Tripathi, Divya and Verma, Pooja and Adhikary, Amitava and Dutta, Achintya Kumar},
  journal={ACS omega},
  volume={8},
  number={12},
  pages={10669--10689},
  year={2023},
  publisher={ACS Publications}
}
@article{sedmidubska2024interaction,
  title={Interaction of low-energy electrons with radiosensitizers},
  author={Sedmidubsk{\'a}, Barbora and Ko{\v{c}}i{\v{s}}ek, Jaroslav},
  journal={Physical Chemistry Chemical Physics},
  volume={26},
  number={12},
  pages={9112--9136},
  year={2024},
  publisher={Royal Society of Chemistry}
}

@article{ameixa2023parent,
  title={Parent anion radical formation in coenzyme Q0: Breaking ubiquinone family rules},
  author={Ameixa, J and Arthur-Baidoo, E and Pereira-da-Silva, J and On{\v{c}}{\'a}k, M and Ruivo, JC and Varella, MT do N and Da Silva, F Ferreira and Denifl, S},
  journal={Computational and Structural Biotechnology Journal},
  volume={21},
  pages={346--353},
  year={2023},
  publisher={Elsevier}
}

@article{ernster1995biochemical,
  title={Biochemical, physiological and medical aspects of ubiquinone function},
  author={Ernster, Lars and Dallner, Gustav},
  journal={Biochimica et Biophysica Acta (BBA)-Molecular Basis of Disease},
  volume={1271},
  number={1},
  pages={195--204},
  year={1995},
  publisher={Elsevier}
}

@article{simons2008molecular,
  title={Molecular anions},
  author={Simons, Jack},
  journal={The Journal of Physical Chemistry A},
  volume={112},
  number={29},
  pages={6401--6511},
  year={2008},
  publisher={ACS Publications}
}
@article{simons2023molecular,
  title={Molecular anions perspective},
  author={Simons, Jack},
  journal={The Journal of Physical Chemistry A},
  volume={127},
  number={18},
  pages={3940--3957},
  year={2023},
  publisher={ACS Publications}
}
@article{gutowski1996contribution,
  title={Contribution of electron correlation to the stability of dipole-bound anionic states},
  author={Gutowski, Maciej and Skurski, Piotr and Boldyrev, Alexander I and Simons, Jack and Jordan, Kenneth D},
  journal={Physical Review A},
  volume={54},
  number={3},
  pages={1906},
  year={1996},
  publisher={APS}
}
@article{skurski2000choose,
  title={How to choose a one-electron basis set to reliably describe a dipole-bound anion},
  author={Skurski, Piotr and Gutowski, Maciej and Simons, Jack},
  journal={International Journal of Quantum Chemistry},
  volume={80},
  number={4-5},
  pages={1024--1038},
  year={2000},
  publisher={Wiley Online Library}
}
@article{staib1996reaction,
  title={Reaction pathways in the photodetachment of an electron from aqueous chloride: A quantum molecular dynamics study},
  author={Staib, Arnulf and Borgis, Daniel},
  journal={The Journal of chemical physics},
  volume={104},
  number={22},
  pages={9027--9039},
  year={1996},
  publisher={American Institute of Physics}
}
@article{messina2013real,
  title={Real-time observation of the charge transfer to solvent dynamics},
  author={Messina, Fabrizio and Br{\"a}m, Olivier and Cannizzo, Andrea and Chergui, Majed},
  journal={Nature communications},
  volume={4},
  number={1},
  pages={2119},
  year={2013},
  publisher={Nature Publishing Group UK London}
}
@article{moorby2024signatures,
  title={Signatures of s-wave scattering in bound electronic states},
  author={Moorby, Robin E and Parravicini, Valentina and Alessio, Maristella and Jagau, Thomas-C},
  journal={Physical Chemistry Chemical Physics},
  volume={26},
  number={8},
  pages={6532--6539},
  year={2024},
  publisher={Royal Society of Chemistry}
}
@article{ivanov2015anion,
  title={Anion photoelectron spectroscopy and CASSCF/CASPT2/RASSI study of La n--(n= 1, 3--7)},
  author={Ivanov, Alexander S and Zhang, Xinxing and Wang, Haopeng and Boldyrev, Alexander I and Gantef{\"o}r, Gerd and Bowen, Kit H and Cernusak, I},
  journal={The Journal of Physical Chemistry A},
  volume={119},
  number={46},
  pages={11293--11303},
  year={2015},
  publisher={ACS Publications}
}
@article{vila2002theoretical,
  title={Theoretical study of the dipole-bound excited states of I-(H2O) 4},
  author={Vila, Fernando D and Jordan, Kenneth D},
  journal={The Journal of Physical Chemistry A},
  volume={106},
  number={7},
  pages={1391--1397},
  year={2002},
  publisher={ACS Publications}
}
@article{eustis2007photoelectron,
  title={Photoelectron spectroscopy of hydrated adenine anions},
  author={Eustis, Soren and Wang, Di and Lyapustina, Svetlana and Bowen, Kit H},
  journal={The Journal of chemical physics},
  volume={127},
  number={22},
  year={2007},
  publisher={AIP Publishing}
}
@article{sommerfeld2004intramolecular,
  title={Intramolecular electron transfer from dipole-bound to valence orbitals: Uracil and 5-chlorouracil},
  author={Sommerfeld, Thomas},
  journal={The Journal of Physical Chemistry A},
  volume={108},
  number={42},
  pages={9150--9154},
  year={2004},
  publisher={ACS Publications}
}
@article{millar2017negative,
  title={Negative ions in space},
  author={Millar, Thomas J and Walsh, Catherine and Field, Thomas A},
  journal={Chemical reviews},
  volume={117},
  number={3},
  pages={1765--1795},
  year={2017},
  publisher={ACS Publications}
}
@article{hassan2022associative,
  title={Associative detachment in anion-atom reactions involving a dipole-bound electron},
  author={Hassan, Saba Zia and Tauch, Jonas and Kas, Milaim and N{\"o}tzold, Markus and Carrera, Henry L{\'o}pez and Endres, Eric S and Wester, Roland and Weidem{\"u}ller, Matthias},
  journal={Nature communications},
  volume={13},
  number={1},
  pages={818},
  year={2022},
  publisher={Nature Publishing Group UK London}
}
@article{kang2022state,
  title={State-specific chemical dynamics of the nonvalence bound state of the molecular anions},
  author={Kang, Do Hyung and Kim, Jinwoo and Eun, Han Jun and Kim, Sang Kyu},
  journal={Accounts of Chemical Research},
  volume={55},
  number={20},
  pages={3032--3042},
  year={2022},
  publisher={ACS Publications}
}
@article{verlet2020role,
  title={Role of nonvalence states in the ultrafast dynamics of isolated anions},
  author={Verlet, Jan RR and Anstoter, Cate S and Bull, James N and Rogers, Joshua P},
  journal={The Journal of Physical Chemistry A},
  volume={124},
  number={18},
  pages={3507--3519},
  year={2020},
  publisher={ACS Publications}
}
@article{gulania2020quest,
  title={The quest to uncover the nature of benzonitrile anion},
  author={Gulania, Sahil and Jagau, Thomas-C and Sanov, Andrei and Krylov, Anna I},
  journal={Physical Chemistry Chemical Physics},
  volume={22},
  number={9},
  pages={5002--5010},
  year={2020},
  publisher={Royal Society of Chemistry}
}
@article{sommerfeld2007doorway,
  title={Doorway mechanism for dissociative electron attachment to fructose},
  author={Sommerfeld, Thomas},
  journal={The Journal of chemical physics},
  volume={126},
  number={12},
  year={2007},
  publisher={AIP Publishing}
}
@article{desfrancois1999electron,
  title={Electron binding to valence and multipole states of molecules: Nitrobenzene, para-and meta-dinitrobenzenes},
  author={Desfrancois, C and Periquet, V and Lyapustina, SA and Lippa, TP and Robinson, DW and Bowen, KH and Nonaka, H and Compton, RN},
  journal={The Journal of chemical physics},
  volume={111},
  number={10},
  pages={4569--4576},
  year={1999},
  publisher={AIP Publishing}
}
@article{hendricks1998dipole,
  title={The dipole bound-to-covalent anion transformation in uracil},
  author={Hendricks, JH and Lyapustina, SA and De Clercq, HL and Bowen, KH},
  journal={The Journal of chemical physics},
  volume={108},
  number={1},
  pages={8--11},
  year={1998},
  publisher={American Institute of Physics}
}
@article{skurski2002excess,
  title={An excess electron bound to urea. III. The urea dimer as an electron trap},
  author={Skurski, Piotr and Simons, Jack},
  journal={The Journal of chemical physics},
  volume={116},
  number={14},
  pages={6118--6125},
  year={2002},
  publisher={American Institute of Physics}
}
@article{gutowski2002solvated,
  title={Solvated electrons in very small clusters of polar molecules:(HF) 3-},
  author={Gutowski, M and Hall, CS and Adamowicz, L and Hendricks, JH and De Clercq, HL and Lyapustina, SA and Nilles, JM and Xu, S-J and Bowen Jr, KH},
  journal={Physical review letters},
  volume={88},
  number={14},
  pages={143001},
  year={2002},
  publisher={APS}
}
@article{hall2002two,
  title={Two uracil molecules connected by an excess electron},
  author={Hall, Caitlin S and Adamowicz, Ludwik},
  journal={The Journal of Physical Chemistry A},
  volume={106},
  number={25},
  pages={6099--6101},
  year={2002},
  publisher={ACS Publications}
}
@inproceedings{sommerfeld2005dipole,
  title={Dipole-bound states as doorways in (dissociative) electron attachment},
  author={Sommerfeld, Thomas},
  booktitle={Journal of Physics: Conference Series},
  volume={4},
  number={1},
  pages={245},
  year={2005},
  organization={IOP Publishing}
}
@article{blumberger2015recent,
  title={Recent advances in the theory and molecular simulation of biological electron transfer reactions},
  author={Blumberger, Jochen},
  journal={Chemical reviews},
  volume={115},
  number={20},
  pages={11191--11238},
  year={2015},
  publisher={ACS Publications}
}

@article{gray1996electron,
  title={Electron transfer in proteins},
  author={Gray, Harry B and Winkler, Jay R},
  journal={Annual review of biochemistry},
  volume={65},
  number={1},
  pages={537--561},
  year={1996},
  publisher={Annual Reviews 4139 El Camino Way, PO Box 10139, Palo Alto, CA 94303-0139, USA}
}

@article{gutierrez2020key,
  title={Key role of quinone in the mechanism of respiratory complex I},
  author={Guti{\'e}rrez-Fern{\'a}ndez, Javier and Kaszuba, Karol and Minhas, Gurdeep S and Baradaran, Rozbeh and Tambalo, Margherita and Gallagher, David T and Sazanov, Leonid A},
  journal={Nature communications},
  volume={11},
  number={1},
  pages={4135},
  year={2020},
  publisher={Nature Publishing Group UK London}
}
@incollection{sherrill1999configuration,
  title={The configuration interaction method: Advances in highly correlated approaches},
  author={Sherrill, C David and Schaefer III, Henry F},
  booktitle={Advances in quantum chemistry},
  volume={34},
  pages={143--269},
  year={1999},
  publisher={Elsevier}
}
@article{vcivzek1966correlation,
  title={On the correlation problem in atomic and molecular systems. Calculation of wavefunction components in Ursell-type expansion using quantum-field theoretical methods},
  author={{\v{C}}{\'\i}{\v{z}}ek, Ji{\v{r}}{\'\i}},
  journal={The Journal of Chemical Physics},
  volume={45},
  number={11},
  pages={4256--4266},
  year={1966},
  publisher={American Institute of Physics}
}
@article{melania2007dyson,
  title={Dyson orbitals for ionization from the ground and electronically excited states within equation-of-motion coupled-cluster formalism: Theory, implementation, and examples},
  author={Melania Oana, C and Krylov, Anna I},
  journal={The Journal of chemical physics},
  volume={127},
  number={23},
  year={2007},
  publisher={AIP Publishing}
}
@article{jagau2016characterizing,
  title={Characterizing metastable states beyond energies and lifetimes: Dyson orbitals and transition dipole moments},
  author={Jagau, Thomas-C and Krylov, Anna I},
  journal={The Journal of chemical physics},
  volume={144},
  number={5},
  year={2016},
  publisher={AIP Publishing}
}
@article{krylov2008equation,
  title={Equation-of-motion coupled-cluster methods for open-shell and electronically excited species: The hitchhiker's guide to Fock space},
  author={Krylov, Anna I},
  journal={Annu. Rev. Phys. Chem.},
  volume={59},
  number={1},
  pages={433--462},
  year={2008},
  publisher={Annual Reviews}
}
@article{stanton1993equation,
  title={The equation of motion coupled-cluster method. A systematic biorthogonal approach to molecular excitation energies, transition probabilities, and excited state properties},
  author={Stanton, John F and Bartlett, Rodney J},
  journal={The Journal of chemical physics},
  volume={98},
  number={9},
  pages={7029--7039},
  year={1993},
  publisher={AIP Publishing}
}
@article{emrich1981extension,
  title={An extension of the coupled cluster formalism to excited states (I)},
  author={Emrich, Kurt},
  journal={Nuclear Physics A},
  volume={351},
  number={3},
  pages={379--396},
  year={1981},
  publisher={Elsevier}
}
@book{shavitt2009many,
  title={Many-body methods in chemistry and physics: MBPT and coupled-cluster theory},
  author={Shavitt, Isaiah and Bartlett, Rodney J},
  year={2009},
  publisher={Cambridge university press}
}
@article{raghavachari1989fifth,
  title={A fifth-order perturbation comparison of electron correlation theories},
  author={Raghavachari, Krishnan and Trucks, Gary W and Pople, John A and Head-Gordon, Martin},
  journal={Chemical Physics Letters},
  volume={157},
  number={6},
  pages={479--483},
  year={1989},
  publisher={Elsevier}
}
@article{monkhorst1977calculation,
  title={Calculation of properties with the coupled-cluster method},
  author={Monkhorst, Hendrik J},
  journal={International Journal of Quantum Chemistry},
  volume={12},
  number={S11},
  pages={421--432},
  year={1977},
  publisher={Wiley Online Library}
}
@article{vcivzek1969use,
  title={On the use of the cluster expansion and the technique of diagrams in calculations of correlation effects in atoms and molecules},
  author={{\v{C}}{\'\i}{\v{z}}ek, Ji{\v{r}}{\'\i}},
  journal={Advances in chemical physics},
  volume={14},
  pages={35--89},
  year={1969}
}
@article{kohn1965self,
  title={Self-consistent equations including exchange and correlation effects},
  author={Kohn, Walter and Sham, Lu Jeu},
  journal={Physical review},
  volume={140},
  number={4A},
  pages={A1133},
  year={1965},
  publisher={APS}
}
@article{hohenberg1964density,
  title={Density functional theory (DFT)},
  author={Hohenberg, P and Kohn, WJPR},
  journal={Phys. Rev},
  volume={136},
  number={1964},
  pages={B864},
  year={1964}
}
@article{fock1930naherungsmethode,
  title={N{\"a}herungsmethode zur L{\"o}sung des quantenmechanischen Mehrk{\"o}rperproblems},
  author={Fock, Vladimir},
  journal={Zeitschrift f{\"u}r Physik},
  volume={61},
  pages={126--148},
  year={1930},
  publisher={Springer}
}
@inproceedings{hartree1928wave,
  title={The wave mechanics of an atom with a non-coulomb central field. Part II. Some results and discussion},
  author={Hartree, Douglas Rayne},
  booktitle={Mathematical Proceedings of the Cambridge Philosophical Society},
  volume={24},
  number={1},
  pages={111--132},
  year={1928},
  organization={Cambridge University Press}
}
@article{rutledge2020electron,
  title={Electron transfer in nitrogenase},
  author={Rutledge, Hannah L and Tezcan, F Akif},
  journal={Chemical reviews},
  volume={120},
  number={12},
  pages={5158--5193},
  year={2020},
  publisher={ACS Publications}
}
@article{wikstrom1977proton,
  title={Proton pump coupled to cytochrome c oxidase in mitochondria},
  author={Wikstrom, Marten KF},
  journal={Nature},
  volume={266},
  number={5599},
  pages={271--273},
  year={1977},
  publisher={Nature Publishing Group UK London}
}
@article{mitchell1961coupling,
  title={Coupling of phosphorylation to electron and hydrogen transfer by a chemi-osmotic type of mechanism},
  author={Mitchell, Peter},
  journal={Nature},
  volume={191},
  number={4784},
  pages={144--148},
  year={1961},
  publisher={London}
}
@article{rogers2019photoelectron,
  title={Photoelectron Spectroscopy of the Hexafluorobenzene Cluster Anions:(C6F6) n--(n= 1--5) and I--(C6F6)},
  author={Rogers, Joshua P and Ansto{\"o}ter, Cate S and Bull, James N and Curchod, Basile FE and Verlet, Jan RR},
  journal={The Journal of Physical Chemistry A},
  volume={123},
  number={8},
  pages={1602--1612},
  year={2019},
  publisher={ACS Publications}
}
@article{liu2020photoelectron,
  title={Photoelectron spectroscopic study of dipole-bound and valence-bound nitromethane anions formed by Rydberg electron transfer},
  author={Liu, Gaoxiang and Ciborowski, Sandra M and Graham, Jacob D and Buytendyk, Allyson M and Bowen, Kit H},
  journal={The Journal of Chemical Physics},
  volume={153},
  number={4},
  year={2020},
  publisher={AIP Publishing}
}
@article{rienstra2002atomic,
  title={Atomic and molecular electron affinities: photoelectron experiments and theoretical computations},
  author={Rienstra-Kiracofe, Jonathan C and Tschumper, Gregory S and Schaefer, Henry F and Nandi, Sreela and Ellison, G Barney},
  journal={Chemical reviews},
  volume={102},
  number={1},
  pages={231--282},
  year={2002},
  publisher={ACS Publications}
}
@article{schuurman2022time,
  title={Time-resolved photoelectron spectroscopy: the continuing evolution of a mature technique},
  author={Schuurman, Michael S and Blanchet, Val{\'e}rie},
  journal={Physical Chemistry Chemical Physics},
  volume={24},
  number={34},
  pages={20012--20024},
  year={2022},
  publisher={Royal Society of Chemistry}
}
@article{wu2011time,
  title={Time-resolved photoelectron spectroscopy: from wavepackets to observables},
  author={Wu, Guorong and Hockett, Paul and Stolow, Albert},
  journal={Physical Chemistry Chemical Physics},
  volume={13},
  number={41},
  pages={18447--18467},
  year={2011},
  publisher={Royal Society of Chemistry}
}
@article{stolow2004femtosecond,
  title={Femtosecond time-resolved photoelectron spectroscopy},
  author={Stolow, Albert and Bragg, Arthur E and Neumark, Daniel M},
  journal={Chemical reviews},
  volume={104},
  number={4},
  pages={1719--1758},
  year={2004},
  publisher={ACS Publications}
}
@article{neumark2001time,
  title={Time-resolved photoelectron spectroscopy of molecules and clusters},
  author={Neumark, Daniel M},
  journal={Annual review of physical chemistry},
  volume={52},
  number={1},
  pages={255--277},
  year={2001},
  publisher={Annual Reviews 4139 El Camino Way, PO Box 10139, Palo Alto, CA 94303-0139, USA}
}
@article{cyr1996femtosecond,
  title={Femtosecond time-resolved photoionization and photoelectron spectroscopy studies of ultrafast internal conversion in 1, 3, 5-hexatriene},
  author={Cyr, Douglas R and Hayden, Carl C},
  journal={The Journal of chemical physics},
  volume={104},
  number={2},
  pages={771--774},
  year={1996},
  publisher={American Institute of Physics}
}
@article{schiedt1998anion,
  title={Anion spectroscopy of uracil, thymine and the amino-oxo and amino-hydroxy tautomers of cytosine and their water clusters},
  author={Schiedt, J and Weinkauf, R and Neumark, Daniel M and Schlag, EW},
  journal={Chemical Physics},
  volume={239},
  number={1-3},
  pages={511--524},
  year={1998},
  publisher={Elsevier}
}
@article{lan2024dynamics,
  title={Dynamics of the charge transfer to solvent process in aqueous iodide},
  author={Lan, Jinggang and Chergui, Majed and Pasquarello, Alfredo},
  journal={Nature Communications},
  volume={15},
  number={1},
  pages={2544},
  year={2024},
  publisher={Nature Publishing Group UK London}
}
@article{lee1991negative,
  title={Negative ion photoelectron spectroscopy of solvated electron cluster anions,(H 2 O) n- and (NH 3) n-},
  author={Lee, GH and Arnold, ST and Eaton, JG and Sarkas, HW and Bowen, KH and Ludewigt, C and Haberland, H},
  journal={Zeitschrift f{\"u}r Physik D Atoms, Molecules and Clusters},
  volume={20},
  pages={9--12},
  year={1991},
  publisher={Springer}
}
@article{coe1990photoelectron,
  title={Photoelectron spectroscopy of hydrated electron cluster anions,(H2O)- n= 2--69},
  author={Coe, JV and Lee, GH and Eaton, JG and Arnold, ST and Sarkas, HW and Bowen, KH and Ludewigt, C and Haberland, H and Worsnop, DR},
  journal={The Journal of chemical physics},
  volume={92},
  number={6},
  pages={3980--3982},
  year={1990},
  publisher={American Institute of Physics}
}
@article{carter2023birth,
  title={Birth of the hydrated electron via charge-transfer-to-solvent excitation of aqueous iodide},
  author={Carter-Fenk, Kevin and Johnson, Britta A and Herbert, John M and Schenter, Gregory K and Mundy, Christopher J},
  journal={The journal of physical chemistry letters},
  volume={14},
  number={4},
  pages={870--878},
  year={2023},
  publisher={ACS Publications}
}

@article{chen2008ultrafast,
  title={The ultrafast dynamics of photodetachment},
  author={Chen, Xiyi and Bradforth, Stephen E},
  journal={Annu. Rev. Phys. Chem.},
  volume={59},
  number={1},
  pages={203--231},
  year={2008},
  publisher={Annual Reviews}
}
@article{anusiewicz2020fate,
  title={Fate of dipole-bound anion states when hydrated},
  author={Anusiewicz, Iwona and Skurski, Piotr and Simons, Jack},
  journal={The Journal of Physical Chemistry A},
  volume={124},
  number={10},
  pages={2064--2076},
  year={2020},
  publisher={ACS Publications}
}

@article{fortenberry2015interstellar,
  title={Interstellar anions: the role of quantum chemistry},
  author={Fortenberry, Ryan C},
  journal={The Journal of Physical Chemistry A},
  volume={119},
  number={39},
  pages={9941--9953},
  year={2015},
  publisher={ACS Publications}
}
@article{desfranccois1995determination,
  title={Determination of electron binding energies of ground-state dipole-bound molecular anions},
  author={Desfran{\c{c}}ois, Ch},
  journal={Physical Review A},
  volume={51},
  number={5},
  pages={3667},
  year={1995},
  publisher={APS}
}

@article{clarke2024dynamics,
  title={Dynamics of anions: from bound to unbound states and everything In between},
  author={Clarke, Connor J and Verlet, Jan RR},
  journal={Annual Review of Physical Chemistry},
  volume={75},
  year={2024},
  publisher={Annual Reviews}
}
@article{bradforth2002excited,
  title={Excited states of iodide anions in water: A comparison of the electronic structure in clusters and in bulk solution},
  author={Bradforth, Stephen E and Jungwirth, Pavel},
  journal={The Journal of Physical Chemistry A},
  volume={106},
  number={7},
  pages={1286--1298},
  year={2002},
  publisher={ACS Publications}
}
@article{sommerfeld2002coupling,
  title={Coupling between dipole-bound and valence states: the nitromethane anion},
  author={Sommerfeld, Thomas},
  journal={Physical Chemistry Chemical Physics},
  volume={4},
  number={12},
  pages={2511--2516},
  year={2002},
  publisher={Royal Society of Chemistry}
}

@article{christiansen1995second,
  title={The second-order approximate coupled cluster singles and doubles model CC2},
  author={Christiansen, Ove and Koch, Henrik and J{\o}rgensen, Poul},
  journal={Chemical Physics Letters},
  volume={243},
  number={5-6},
  pages={409--418},
  year={1995},
  publisher={Elsevier}
}
@article{thiam2023accurately,
  title={How accurately can DFT describe non-valence anions?},
  author={Thiam, Guillaume and Rabilloud, Franck},
  journal={Journal of Chemical Theory and Computation},
  volume={19},
  number={10},
  pages={2842--2849},
  year={2023},
  publisher={ACS Publications}
}

@article{kang2024reaction,
  title={Reaction dynamics of the nonvalence bound states of the anions},
  author={Kang, Do Hyung and Kim, Sang Kyu},
  journal={Chemical Physics Reviews},
  volume={5},
  number={4},
  year={2024},
  publisher={AIP Publishing}
}

@article{chen2000precursors,
  title={Precursors of the charge-transfer-to-solvent states in I-(H2O) n clusters},
  author={Chen, Hsing-Yin and Sheu, Wen-Shyan},
  journal={Journal of the American Chemical Society},
  volume={122},
  number={31},
  pages={7534--7542},
  year={2000},
  publisher={ACS Publications}
}
@article{siefermann2010binding,
  title={Binding energies, lifetimes and implications of bulk and interface solvated electrons in water},
  author={Siefermann, Katrin R and Liu, Yaxing and Lugovoy, Evgeny and Link, Oliver and Faubel, Manfred and Buck, Udo and Winter, Bernd and Abel, Bernd},
  journal={Nature chemistry},
  volume={2},
  number={4},
  pages={274--279},
  year={2010},
  publisher={Nature Publishing Group UK London}
}
@article{coe2008photoelectron,
  title={Photoelectron spectra of hydrated electron clusters vs. cluster size: connecting to bulk},
  author={Coe, James V and Williams, Shaun M and Bowen, Kit H},
  journal={International Reviews in Physical Chemistry},
  volume={27},
  number={1},
  pages={27--51},
  year={2008},
  publisher={Taylor \& Francis}
}
@article{verlet2005observation,
  title={Observation of large water-cluster anions with surface-bound excess electrons},
  author={Verlet, JRR and Bragg, AE and Kammrath, A and Cheshnovsky, O and Neumark, DM},
  journal={Science},
  volume={307},
  number={5706},
  pages={93--96},
  year={2005},
  publisher={American Association for the Advancement of Science}
}
@article{ma2009low,
  title={Low temperature photoelectron spectra of water cluster anions},
  author={Ma, Lei and Majer, Kiran and Chirot, Fabien and von Issendorff, Bernd},
  journal={The Journal of chemical physics},
  volume={131},
  number={14},
  year={2009},
  publisher={AIP Publishing}
}

@article{west2014anion,
  title={Anion resonances of para-benzoquinone probed by frequency-resolved photoelectron imaging},
  author={West, Christopher W and Bull, James N and Antonkov, Erkki and Verlet, Jan RR},
  journal={The Journal of Physical Chemistry A},
  volume={118},
  number={48},
  pages={11346--11354},
  year={2014},
  publisher={ACS Publications}
}

@article{pshenichnyuk2020ionizing,
  title={Ionizing radiation and natural constituents of living cells: low-energy electron interaction with coenzyme Q analogs},
  author={Pshenichnyuk, Stanislav A and Modelli, Alberto and Asfandiarov, Nail L and Komolov, Alexey S},
  journal={The Journal of chemical physics},
  volume={153},
  number={11},
  year={2020},
  publisher={AIP Publishing}
}

@article{haldar2020multilayer,
  title={A multilayer approach to the equation of motion coupled-cluster method for the electron affinity},
  author={Haldar, Soumi and Dutta, Achintya Kumar},
  journal={The Journal of Physical Chemistry A},
  volume={124},
  number={19},
  pages={3947--3962},
  year={2020},
  publisher={ACS Publications}
}

@article{clarke2025role,
  title={The role of water molecules in the dissociation of an electron-molecule contact pair},
  author={Clarke, Connor J and Michi Burrow, E and Verlet, Jan RR},
  journal={Nature Communications},
  volume={16},
  number={1},
  pages={2113},
  year={2025},
  publisher={Nature Publishing Group UK London}
}

@article{jalbout2001dipole,
  title={Dipole-bound anions of adenine- water clusters. Ab initio study},
  author={Jalbout, AF and Adamowicz, L},
  journal={The Journal of Physical Chemistry A},
  volume={105},
  number={6},
  pages={1033--1038},
  year={2001},
  publisher={ACS Publications}
}
@article{gamiz2017terminal,
  title={Terminal electron--proton transfer dynamics in the quinone reduction of respiratory complex I},
  author={Gamiz-Hernandez, Ana P and Jussupow, Alexander and Johansson, Mikael P and Kaila, Ville RI},
  journal={Journal of the American Chemical Society},
  volume={139},
  number={45},
  pages={16282--16288},
  year={2017},
  publisher={ACS Publications}
}

@article{nonella1998quantum,
  title={A quantum chemical investigation of structures, vibrational spectra and electron affinities of the radicals of quinone model compounds},
  author={Nonella, Marco},
  journal={Photosynthesis research},
  volume={55},
  pages={253--259},
  year={1998},
  publisher={Springer}
}

@article{taguchi2013tuning,
  title={Tuning cofactor redox potentials: the 2-methoxy dihedral angle generates a redox potential difference of> 160 mV between the primary (QA) and secondary (QB) quinones of the bacterial photosynthetic reaction center},
  author={Taguchi, Alexander T and Mattis, Aidas J and O’Malley, Patrick J and Dikanov, Sergei A and Wraight, Colin A},
  journal={Biochemistry},
  volume={52},
  number={41},
  pages={7164--7166},
  year={2013},
  publisher={ACS Publications}
}

@article{taguchi2013conformational,
  title={Conformational differences between the methoxy groups of QA and QB site ubisemiquinones in bacterial reaction centers: a key role for methoxy group orientation in modulating ubiquinone redox potential},
  author={Taguchi, Alexander T and O’Malley, Patrick J and Wraight, Colin A and Dikanov, Sergei A},
  journal={Biochemistry},
  volume={52},
  number={27},
  pages={4648--4655},
  year={2013},
  publisher={ACS Publications}
}

@article{deAlmeida2014effect,
  title={The 2-methoxy group orientation regulates the redox potential difference between the primary (QA) and secondary (QB) quinones of Type II bacterial photosynthetic reaction centers},
  author={De Almeida, Wagner B and Taguchi, Alexander T and Dikanov, Sergei A and Wraight, Colin A and O'Malley, Patrick J},
  journal={The journal of physical chemistry letters},
  volume={5},
  number={15},
  pages={2506--2509},
  year={2014},
  publisher={ACS Publications}
}

@article{wallis1960energy,
  title={Energy levels of an electron in the field of a finite dipole},
  author={Wallis, Richard F and Herman, Robert and Milnes, Harold Willis},
  journal={Journal of Molecular Spectroscopy},
  volume={4},
  number={1-6},
  pages={51--74},
  year={1960},
  publisher={Elsevier}
}

@article{slimak2022binding,
  title={Binding of an electron by a finite fixed dipole},
  author={Slimak, S and Jordan, KD},
  journal={The Journal of Physical Chemistry Letters},
  volume={13},
  number={44},
  pages={10331--10334},
  year={2022},
  publisher={ACS Publications}
}

@article{yuan2023observation,
  title={Observation of a polarization-assisted dipole-bound state},
  author={Yuan, Dao-Fu and Liu, Yuan and Zhang, Yue-Rou and Wang, Lai-Sheng},
  journal={Journal of the American Chemical Society},
  volume={145},
  number={9},
  pages={5512--5522},
  year={2023},
  publisher={ACS Publications}
}
@article{desfranccois2004long,
  title={Long-range electron binding to quadrupolar molecules},
  author={Desfran{\c{c}}ois, Charles and Bouteiller, Y and Schermann, JP and Radisic, D and Stokes, ST and Bowen, KH and Hammer, NI and Compton, RN},
  journal={Physical review letters},
  volume={92},
  number={8},
  pages={083003},
  year={2004},
  publisher={APS}
}
@article{sommerfeld2014excess,
  title={Excess electrons bound to molecular systems with a vanishing dipole but large molecular quadrupole},
  author={Sommerfeld, Thomas and Dreux, Katelyn M and Joshi, Robin},
  journal={The Journal of Physical Chemistry A},
  volume={118},
  number={35},
  pages={7320--7329},
  year={2014},
  publisher={ACS Publications}
}
@article{zhu2017observation,
  title={Observation of excited quadrupole-bound states in cold anions},
  author={Zhu, Guo-Zhu and Liu, Yuan and Wang, Lai-Sheng},
  journal={Physical Review Letters},
  volume={119},
  number={2},
  pages={023002},
  year={2017},
  publisher={APS}
}
@article{liu2019ground,
  title={The ground state, quadrupole-bound anion of succinonitrile revisited},
  author={Liu, Gaoxiang and Ciborowski, Sandra M and Graham, Jacob D and Buytendyk, Allyson M and Bowen, Kit H},
  journal={The Journal of Chemical Physics},
  volume={151},
  number={10},
  year={2019},
  publisher={AIP Publishing}
}
@article{liu2020observation,
  title={Observation of a symmetry-forbidden excited quadrupole-bound state},
  author={Liu, Yuan and Zhu, Guo-Zhu and Yuan, Dao-Fu and Qian, Chen-Hui and Zhang, Yue-Rou and Rubenstein, Brenda M and Wang, Lai-Sheng},
  journal={Journal of the American Chemical Society},
  volume={142},
  number={47},
  pages={20240--20246},
  year={2020},
  publisher={ACS Publications}
}
@article{voora2013existence,
  title={Existence of a correlation bound s-type anion state of C60},
  author={Voora, Vamsee K and Cederbaum, Lorenz S and Jordan, Kenneth D},
  journal={The journal of physical chemistry letters},
  volume={4},
  number={6},
  pages={849--853},
  year={2013},
  publisher={ACS Publications}
}
@article{voora2015nonvalence,
  title={Nonvalence correlation-bound anion states of polycyclic aromatic hydrocarbons},
  author={Voora, Vamsee K and Jordan, Kenneth D},
  journal={The Journal of Physical Chemistry Letters},
  volume={6},
  number={20},
  pages={3994--3997},
  year={2015},
  publisher={ACS Publications}
}
@article{voora2017theoretical,
  title={Theoretical approaches for treating non-valence correlation-bound anions},
  author={Voora, Vamsee K and Kairalapova, Arailym and Sommerfeld, Thomas and Jordan, Kenneth D},
  journal={The Journal of Chemical Physics},
  volume={147},
  number={21},
  year={2017},
  publisher={AIP Publishing}
}
@article{simons2011theoretical,
  title={Theoretical study of negative molecular ions},
  author={Simons, Jack},
  journal={Annual Review of Physical Chemistry},
  volume={62},
  number={1},
  pages={107--128},
  year={2011},
  publisher={Annual Reviews}
}
@article{kevan1981solvated,
  title={Solvated electron structure in glassy matrixes},
  author={Kevan, Larry},
  journal={Accounts of Chemical Research},
  volume={14},
  number={5},
  pages={138--145},
  year={1981},
  publisher={ACS Publications}
}
@article{larsen2010does,
  title={Does the hydrated electron occupy a cavity?},
  author={Larsen, Ross E and Glover, William J and Schwartz, Benjamin J},
  journal={Science},
  volume={329},
  number={5987},
  pages={65--69},
  year={2010},
  publisher={American Association for the Advancement of Science}
}
@article{kumar2015simple,
  title={A simple ab initio model for the hydrated electron that matches experiment},
  author={Kumar, Anil and Walker, Jonathan A and Bartels, David M and Sevilla, Michael D},
  journal={The Journal of Physical Chemistry A},
  volume={119},
  number={34},
  pages={9148--9159},
  year={2015},
  publisher={ACS Publications}
}
@article{herbert2019structure,
  title={Structure of the aqueous electron},
  author={Herbert, John M},
  journal={Physical Chemistry Chemical Physics},
  volume={21},
  number={37},
  pages={20538--20565},
  year={2019},
  publisher={Royal Society of Chemistry}
}
@article{ciborowski2019correlation,
  title={The correlation-bound anion of p-chloroaniline},
  author={Ciborowski, Sandra M and Harris, Rachel M and Liu, Gaoxiang and Martinez-Martinez, Chalynette J and Skurski, Piotr and Bowen, Kit H},
  journal={The Journal of Chemical Physics},
  volume={150},
  number={16},
  year={2019},
  publisher={AIP Publishing}
}
@article{krafft2022perfluorocubane,
  title={Perfluorocubane—a tiny electron guzzler},
  author={Krafft, Marie Pierre and Riess, Jean G},
  journal={Science},
  volume={377},
  number={6607},
  pages={709--709},
  year={2022},
  publisher={American Association for the Advancement of Science}
}
@article{voora2014nonvalence,
  title={Nonvalence correlation-bound anion state of C6F6: Doorway to low-energy electron capture},
  author={Voora, Vamsee K and Jordan, Kenneth D},
  journal={The Journal of Physical Chemistry A},
  volume={118},
  number={35},
  pages={7201--7205},
  year={2014},
  publisher={ACS Publications}
}
@article{bezchastnov2011anions,
  title={Anions of xenon clusters bound by long-range electron correlations},
  author={Bezchastnov, Victor G and Vysotskiy, Victor P and Cederbaum, Lorenz S},
  journal={Physical Review Letters},
  volume={107},
  number={13},
  pages={133401},
  year={2011},
  publisher={APS}
}
@article{sommerfeld2010correlation,
  title={Correlation-bound anions of NaCl clusters},
  author={Sommerfeld, Thomas and Bhattarai, Bijay and Vysotskiy, Victor P and Cederbaum, Lorenz S},
  journal={The Journal of chemical physics},
  volume={133},
  number={11},
  year={2010},
  publisher={AIP Publishing}
}
@article{jordan1979binding,
  title={Binding of an electron to a molecular quadrupole:(BeO) 2},
  author={Jordan, Kenneth D and Liebman, Joel F},
  journal={Chemical Physics Letters},
  volume={62},
  number={1},
  pages={143--147},
  year={1979},
  publisher={Elsevier}
}

@article{yuan2020observation,
  title={Observation of a $\pi$-type dipole-bound state in molecular anions},
  author={Yuan, Dao-Fu and Liu, Yuan and Qian, Chen-Hui and Zhang, Yue-Rou and Rubenstein, Brenda M and Wang, Lai-Sheng},
  journal={Physical Review Letters},
  volume={125},
  number={7},
  pages={073003},
  year={2020},
  publisher={APS}
}

@article{qian2019probing,
  title={Probing the critical dipole moment to support excited dipole-bound states in valence-bound anions},
  author={Qian, Chen-Hui and Zhu, Guo-Zhu and Wang, Lai-Sheng},
  journal={The journal of physical chemistry letters},
  volume={10},
  number={21},
  pages={6472--6477},
  year={2019},
  publisher={ACS Publications}
}

@article{carles2001rydberg,
  title={Rydberg electron-transfer spectroscopy and ab initio studies of dimethylsulfoxide--water neutral and anion dimers},
  author={Carles, S and Desfran{\c{c}}ois, C and Schermann, JP and Berges, J and Hou{\'e}e-Levin, C},
  journal={International Journal of Mass Spectrometry},
  volume={205},
  number={1-3},
  pages={227--232},
  year={2001},
  publisher={Elsevier}
}
@article{desfranccois1996abdoul,
  title={Abdoul-Carime, and J.-P. Schermann},
  author={Desfran{\c{c}}ois, H},
  journal={Int. J. Mod. Phys. B},
  volume={10},
  pages={1339},
  year={1996}
}

@article{bull2015anion,
  title={Anion resonances and above-threshold dynamics of coenzyme Q 0},
  author={Bull, James N and West, Christopher W and Verlet, Jan RR},
  journal={Physical Chemistry Chemical Physics},
  volume={17},
  number={24},
  pages={16125--16135},
  year={2015},
  publisher={Royal Society of Chemistry}
}

@article{gu2012interactions,
  title={Interactions of electrons with bare and hydrated biomolecules: From nucleic acid bases to DNA segments},
  author={Gu, Jiande and Leszczynski, Jerzy and Schaefer III, Henry F},
  journal={Chemical reviews},
  volume={112},
  number={11},
  pages={5603--5640},
  year={2012},
  publisher={ACS Publications}
}

@article{chen2024low,
  title={Low-Energy Electron Interactions with Methyl-p-benzoquinone: A Study of Negative Ion Formation},
  author={Chen, Jiakuan and Pelc, Andrzej and Ameixa, Jo{\~a}o and Kossoski, F{\'a}bris and Denifl, Stephan},
  journal={ACS omega},
  volume={9},
  number={36},
  pages={38032--38043},
  year={2024},
  publisher={ACS Publications}
}

@article{rusell1873quinone,
  title={Address to the Chemical Section},
  author={William James Russell},
  journal={Chemical News and Journal of Physical Science},
  volume={28},
  pages={148--153},
  year={1873},
  publisher={C. Mitchell and Co.}
}

@article{fermi1947capture,
  title={The capture of negative mesotrons in matter},
  author={Fermi, Enrico and Teller, Edward},
  journal={Physical Review},
  volume={72},
  number={5},
  pages={399},
  year={1947},
  publisher={APS}
}

@article{matthews2018observation,
  title={Observation of near-threshold resonances in the flavin chromophore anions alloxazine and lumichrome},
  author={Matthews, Edward and Dessent, Caroline EH},
  journal={The Journal of Physical Chemistry Letters},
  volume={9},
  number={20},
  pages={6124--6130},
  year={2018},
  publisher={ACS Publications}
}

@article{castellani2019stability,
  title={On the stability of a dipole-bound state in the presence of a molecule},
  author={Castellani, Maria Elena and Anst{\"o}ter, Cate S and Verlet, Jan RR},
  journal={Physical Chemistry Chemical Physics},
  volume={21},
  number={44},
  pages={24286--24290},
  year={2019},
  publisher={Royal Society of Chemistry}
}

@article{dutta2015electron,
  title={Electron attachment to DNA and RNA nucleobases: An EOMCC investigation},
  author={Dutta, Achintya Kumar and Sengupta, Turbasu and Vaval, Nayana and Pal, Sourav},
  journal={International Journal of Quantum Chemistry},
  volume={115},
  number={12},
  pages={753--764},
  year={2015},
  publisher={Wiley Online Library}
}
@article{herbert2015quantum,
  title={The quantum chemistry of loosely-bound electrons},
  author={Herbert, John M},
  journal={Reviews in Computational Chemistry Volume 28},
  pages={391--517},
  year={2015},
  publisher={Wiley Online Library}
}

@article{narayanan2024electron,
  title={Electron Attachment to the Nucleobase Uracil in Diethylene Glycol: The Signature of a Doorway},
  author={Narayanan SJ, Jishnu and Verma, Pooja and Adhikary, Amitava and Kumar Dutta, Achintya},
  journal={ChemPhysChem},
  volume={25},
  number={24},
  pages={e202400581},
  year={2024},
  publisher={Wiley Online Library}
}
@article{IUPACQ050152025,
institution = {International Union of Pure and Applied Chemistry (IUPAC)},
year = {2025},
title = {quinones},
edition = {5.0.0}
}
